@misc{networking1,
    title = "NSURLSession",
    organization = {Apple Inc.},
    howpublished = "\url{https://developer.apple.com/reference/foundation/urlsession}",
    note = "[Online; accessed 14-November-2016]"}

@misc{networking2,
    title = "NSURLConnection",
    organization = {Apple Inc.},
    howpublished = "\url{https://developer.apple.com/reference/foundation/nsurlconnection}",
    note = "[Online; accessed 14-November-2016]"}

@misc{observation1,
    title = "NSNotification Center vs Delegation Analysis",
    organization = {Andrew Bancroft},
    howpublished = "\url{https://www.andrewcbancroft.com/2015/02/05/nsnotificationcenter-vs-delegation-analysis/}",
    note = "[Online; accessed 14-November-2016]"}

@misc{observation2,
    title = "KVO",
    organization = {NSHipster},
    howpublished = "\url{http://nshipster.com/key-value-observing/}",
    note = "[Online; accessed 14-November-2016]"}

@misc{observation3,
    title = "Delegation, Notification, and Observation",
    organization = {Shine Solutions},
    howpublished = "\url{https://shinesolutions.com/2011/06/14/delegation-notification-and-observation/}",
    note = "[Online; accessed 14-November-2016]"}

@misc{Language,
    title = "Swift Objectively",
    organization = {Dr. Drobbs},
    howpublished = "\url{http://www.drdobbs.com/architecture-and-design/swift-objectively/240168424}",
    note = "[Online; accessed 14-November-2016]"}

@misc{uipara1,
    title = "iOS User Interfaces: Storyboards vs. NIBs vs. Custom Code",
    organization = {toptal.com},
    howpublished = "\url{https://www.toptal.com/ios/ios-user-interfaces-storyboards-vs-nibs-vs-custom-code}",
    note = "[Online; accessed 13-November-2016]"}

@misc{idepara1,
    title = "iOS",
    organization = {nuclide.io},
    howpublished = "\url{https://nuclide.io/docs/platforms/ios/}",
    note = "[Online; accessed 13-November-2016]"}

@misc{idepara2,
    title = "AppCode Smart IDE for iOS/macOS development",
    organization = {jetBrains.com},
    howpublished = "\url{https://www.jetbrains.com/objc/}",
    note = "[Online; accessed 13-November-2016]"}

@misc{idepara3,
    title = "Xcode IDE",
    organization = {Apple},
    howpublished = "\url{https://developer.apple.com/xcode/features/}",
    note = "[Online; accessed 13-November-2016]"}

@misc{dbpara1,
    title = "iOS Databases: SQLLite vs. Core Data vs. Realm",
    organization = {Rollout},
    howpublished = "\url{https://blog.rollout.io/ios-databases-sqllite-core-data-realm/}",
    note = "[Online; accessed 13-November-2016]"}

@misc{dbpara2,
    title = "Local IOS Data Storage Guidelines For IOS Applications",
    organization = {The Brihaspati Infortech},
    howpublished = "\url{http://www.brihaspatitech.com/blog/local-ios-data-storage-guidelines-for-ios-applications/}",
    note = "[Online; accessed 13-November-2016]"}

@misc{parsingpara1,
    title = "The XSLT C library for GNOME",
    organization = {Daniel Veillard},
    howpublished = "\url{http://xmlsoft.org/XSLT/intro.html}",
    note = "[Online; accessed 14-November-2016]"}

@misc{parsingpara2,
    title = "The WebKit Open Source Browser Engine",
    organization = {Apple, Inc.},
    howpublished = "\url{https://webkit.org/project/}",
    note = "[Online; accessed 14-November-2016]"}

@misc{parsingpara3,
    title = "XML Tutorial for iOS: How To Choose The Best XML Parser for Your iPhone Project",
    organization = {Ray Wenderlich},
    howpublished = "\url{https://www.raywenderlich.com/553/xml-tutorial-for-ios-how-to-choose-the-best-xml-parser-for-your-iphone-project}",
    note = "[Online; accessed 14-November-2016]"}

@misc{touchpara1,
    title = "Debug 47: Melton & Ganatra episode I: Demoing software to Steve Jobs",
    organization = {iMore},
    howpublished = "\url{http://www.imore.com/debug-47-melton-ganatra-episode-i-demoing-software-steve-jobs}",
    note = "[Online; accessed 14-November-2016]"}
